<record><leader>00000cas a22000007a 4500</leader><controlfield tag="001">9689871</controlfield><controlfield tag="008">830711d19781987caudn ne      0   a0eng d</controlfield><datafield ind1=" " ind2=" " tag="010"><subfield code="a">sn 83004238 </subfield></datafield><datafield ind1=" " ind2=" " tag="040"><subfield code="a">NSD</subfield><subfield code="b">eng</subfield><subfield code="c">NSD</subfield><subfield code="d">CNK</subfield><subfield code="d">OCLCQ</subfield><subfield code="d">OCLCF</subfield><subfield code="d">OCLCO</subfield></datafield><datafield ind1=" " ind2=" " tag="012"><subfield code="j">0</subfield><subfield code="l">1</subfield><subfield code="m">d</subfield></datafield><datafield ind1="1" ind2=" " tag="022"><subfield code="a">0739-0173</subfield><subfield code="l">0739-0173</subfield><subfield code="2">1</subfield></datafield><datafield ind1="1" ind2=" " tag="029"><subfield code="a">AU@</subfield><subfield code="b">000025829592</subfield></datafield><datafield ind1=" " ind2=" " tag="037"><subfield code="b">Victor Valley Daily Press, P.O. Box 1389, Victorville, CA 92392</subfield></datafield><datafield ind1=" " ind2=" " tag="042"><subfield code="a">nsdp</subfield></datafield><datafield ind1=" " ind2="0" tag="222"><subfield code="a">Victor Valley daily press</subfield></datafield><datafield ind1="0" ind2="0" tag="245"><subfield code="a">Victor Valley daily press.</subfield></datafield><datafield ind1="3" ind2="0" tag="246"><subfield code="a">Daily press</subfield></datafield><datafield ind1=" " ind2=" " tag="260"><subfield code="a">Victorville, Calif. :</subfield><subfield code="b">Tim Hoiles</subfield></datafield><datafield ind1=" " ind2=" " tag="310"><subfield code="a">Daily (except Sat.)</subfield></datafield><datafield ind1="0" ind2=" " tag="362"><subfield code="a">41st year, no. 205 (May 28, 1978)-51st year, no. 14 (Oct. 16, 1987).</subfield></datafield><datafield ind1=" " ind2="0" tag="651"><subfield code="a">Victor Valley (Calif.)</subfield><subfield code="v">Newspapers.</subfield></datafield><datafield ind1=" " ind2="7" tag="655"><subfield code="a">Newspapers.</subfield><subfield code="2">fast</subfield><subfield code="0">(OCoLC)fst01423814</subfield></datafield><datafield ind1=" " ind2="7" tag="651"><subfield code="a">California</subfield><subfield code="z">Victor Valley.</subfield><subfield code="2">fast</subfield><subfield code="0">(OCoLC)fst01245857</subfield></datafield><datafield ind1=" " ind2=" " tag="752"><subfield code="a">United States</subfield><subfield code="b">California</subfield><subfield code="c">San Bernardino</subfield><subfield code="d">Victorville.</subfield></datafield><datafield ind1="0" ind2="0" tag="780"><subfield code="t">Daily press (Victorville, Calif.)</subfield><subfield code="w">(DLC)sn 97060325</subfield></datafield><datafield ind1="0" ind2="0" tag="785"><subfield code="t">Daily press (Victorville, Calif. : 1988)</subfield><subfield code="x">1042-8496</subfield><subfield code="w">(DLC)sn 89006243</subfield><subfield code="w">(OCoLC)19227667</subfield></datafield><datafield ind1=" " ind2=" " tag="936"><subfield code="a">June 19, 1983</subfield></datafield></record>